@article{greenwade93,
    author  = "George D. Greenwade",
    title   = "The {C}omprehensive {T}ex {A}rchive {N}etwork ({CTAN})",
    year    = "1993",
    journal = "TUGBoat",
    volume  = "14",
    number  = "3",
    pages   = "342--351"
}

@article{CHEN2010296,
title = {A passive auto-focus camera control system},
journal = {Applied Soft Computing},
volume = {10},
number = {1},
pages = {296-303},
year = {2010},
issn = {1568-4946},
doi = {https://doi.org/10.1016/j.asoc.2009.07.007},
url = {https://www.sciencedirect.com/science/article/pii/S1568494609001148},
author = {Chih-Yung Chen and Rey-Chue Hwang and Yu-Ju Chen},
keywords = {Passive, Auto-focus system, Sharpness measurement, Discrete wavelet transformation, Self-organizing map, Morphology},
abstract = {This paper presents a passive auto-focus camera control system which can easily achieve the function of auto-focus with no necessary of any active component (e.g., infrared or ultrasonic sensor) in comparison with the conventional active focus system. To implement the technique we developed, the hardware system including the adjustable lens with CMOS sensor and servo motor, an 8051 image capture micro-controller, a field programmable gate array (FPGA) sharpness measurement circuit, a pulse width modulation (PWM) controller, and a personal digital assistant (PDA) image displayer was constructed. The discrete wavelet transformation (DWT), the morphology edge enhancement sharpness measurement algorithms, and the self-organizing map (SOM) neural network were used in developing the control mechanism of the system. Compared with other passive auto-focus methods, the method we proposed has the advantages of lower computational complexity and easier hardware implementation.}
}

@INPROCEEDINGS{Gamadia2006,
  author={Gamadia, M. and Kehtarnavaz, N.},
  booktitle={2006 IEEE Southwest Symposium on Image Analysis and Interpretation}, 
  title={A Real-time Continuous Automatic Focus Algorithm for Digital Cameras}, 
  year={2006},
  volume={},
  number={},
  pages={163-167},
  keywords={Digital cameras;Focusing;Band pass filters;Layout;Stability;Delay;Instruments;Image sensors;Frequency;Position measurement},
  doi={10.1109/SSIAI.2006.1633743}}


@INPROCEEDINGS{Yao2006Evaluation,
    author = {Yi Yao and Besma Abidi and Narjes Doggaz and Mongi Abidi},
    title = {{Evaluation of sharpness measures and search algorithms for the auto-focusing of high-magnification images}},
    volume = {6246},
    booktitle = {Visual Information Processing XV},
    editor = {Zia-ur Rahman and Stephen E. Reichenbach and Mark A. Neifeld},
    organization = {International Society for Optics and Photonics},
    publisher = {SPIE},
    pages = {62460G},
    keywords = {wide area surveillance, extreme zoom, high magnification, sharpness measures, auto focus, image quality},
    year = {2006},
    doi = {10.1117/12.664751},
    URL = {https://doi.org/10.1117/12.664751}
}


@article{wang2020intelligent,
      title={Intelligent Autofocus}, 
      author={Chengyu Wang and Qian Huang and Ming Cheng and Zhan Ma and David J. Brady},
      year={2020},
      eprint={2002.12389},
      archivePrefix={arXiv},
      primaryClass={eess.IV}
}

@article{herrmann2020learning,
      title={Learning to Autofocus}, 
      author={Charles Herrmann and Richard Strong Bowen and Neal Wadhwa and Rahul Garg and Qiurui He and Jonathan T. Barron and Ramin Zabih},
      year={2020},
      eprint={2004.12260},
      archivePrefix={arXiv},
      primaryClass={cs.CV}
}

@article{ansari2019wireless,
author={Sameer {Ansari} and Neal {Wadhwa} and Rahul {Garg} and Jiawen {Chen}},
journal={ICCP},
title={Wireless Software Synchronization of Multiple Distributed Cameras},
year={2019},
}


@article{Pertuz2012,
author = {Pertuz, Said and Puig, Domenec and Garc√≠a, Miguel},
year = {2012},
title = {Analysis of focus measure operators in shape-from-focus},
journal = {Pattern Recognition},
}

@article{pentland1987new,
  title={A new sense for depth of field},
  author={Pentland, Alex Paul},
  journal={TPAMI},
  year={1987},
}

@article{sandler2018mobilenetv2,
  title={Mobile{N}et{V}2: Inverted residuals and linear bottlenecks},
  author={Sandler, Mark and Howard, Andrew and Zhu, Menglong and Zhmoginov, Andrey and Chen, Liang-Chieh},
  journal={CVPR},
  year={2018}
}


@article{grossmann1987depth,
  title={Depth from focus},
  author={Grossmann, Paul},
  journal={Pattern recognition letters},
  year={1987},
}

@article{DeepDDF,
author="Hazirbas, Caner
and Soyer, Sebastian Georg
and Staab, Maximilian Christian
and Leal-Taix{\'e}, Laura
and Cremers, Daniel",
title="Deep Depth from Focus",
journal="ACCV",
year="2018",
}

@book{hartley2003multiple,
  title={Multiple view geometry in computer vision},
  author={Hartley, Richard and Zisserman, Andrew},
  year={2003},
  publisher={Cambridge university press}
}

@article{Suwajanakorn2015,
author={Supasorn {Suwajanakorn} and Carlos {Hernandez} and Steven M. {Seitz}},
journal={CVPR},
title={Depth from focus with your mobile phone},
year={2015},
}

@article{Barron2015A,
author = {Jonathan T. Barron and Andrew Adams and YiChang Shih and Carlos Hern\'andez},
title = {Fast Bilateral-Space Stereo for Synthetic Defocus},
journal = {CVPR},
year = {2015},
}

@article{Srinivasan2018,
  author    = {Pratul P. Srinivasan and
               Rahul Garg and
               Neal Wadhwa and
               Ren Ng and
               Jonathan T. Barron},
  title     = {Aperture Supervision for Monocular Depth Estimation},
  journal   = {CVPR},
  year      = {2018},
}

@article{GargICCV2019,
  author    = {Rahul Garg and Neal Wadhwa and Sameer Ansari and Jonathan T. Barron},
  title     = {Learning Single Camera Depth Estimation using Dual-Pixels},
  journal   = {ICCV},
  year      = {2019},
}

@article{WadhwaSIGGRAPH2018,
  author    = {Neal Wadhwa and
               Rahul Garg and
               David E. Jacobs and
               Bryan E. Feldman and
               Nori Kanazawa and
               Robert Carroll and
               Yair Movshovitz{-}Attias and
               Jonathan T. Barron and
               Yael Pritch and
               Marc Levoy},
  title     = {Synthetic Depth-of-Field with a Single-Camera Mobile Phone},
  journal   = {SIGGRAPH},
  year={2018},
  
}

@article{PunnappurathCVPR2019,
  author = {Abhijith Punnappurath and Michael S. Brown},
  title = {Reflection Removal Using a Dual-Pixel Sensor},
  journal = {CVPR},
  year = {2019}
}


@article{diaz2019soft,
  title={Soft Labels for Ordinal Regression},
  author={Diaz, Raul and Marathe, Amit},
  journal={CVPR},
  year={2019}
}

%% Barron's Baselines


@techreport{Nanda01,
    author = {Harsh Nanda and Ross Cutler},
    title = {Practical calibrations for a real-time digital omnidirectional camera},
    institution = {In Technical Sketches, Computer Vision and Pattern Recognition},
    year = {2001}
}

@article{rudin1992,
  title={Nonlinear total variation based noise removal algorithms},
  author={Rudin, Leonid I and Osher, Stanley and Fatemi, Emad},
  journal={Physica D: nonlinear phenomena},
  year={1992},
}

@article{PechPacheco2000,
  title={Diatom autofocusing in brightfield microscopy: a comparative study},
  author={Jos{\'e} Luis Pech-Pacheco and Gabriel Crist{\'o}bal and Jes{\'u}s Chamorro-Mart{\'i}nez and Joaqu{\'i}n Fern{\'a}ndez-Valdivia},
  journal={ICPR},
  year={2000},
}

@article{Nayar1994,
  title={Shape from Focus},
  author={Shree K. Nayar and Yasuo Nakagawa},
  journal={TPAMI},
  year={1994},
}

@article{Thelen2009,
 author = {Thelen, Andrea and Frey, Susanne and Hirsch, Sven and Hering, Peter},
 title = {Improvements in Shape-from-focus for Holographic Reconstructions with Regard to Focus Operators, Neighborhood-size, and Height Value Interpolation},
 journal = {TIP},
 year = {2009},
} 

@article{shen2006,
author={{Chun-Hung Shen} and H. H. {Chen}},
journal={International Conference on Consumer Electronics},
title={Robust focus measure for low-contrast images},
year={2006},
}

@article{Lee2009,
title = "Reduced energy-ratio measure for robust autofocusing in digital camera",
author = "Lee, {Sang Yong} and Yoo, {Jae Tack} and Soo-Won Kim",
year = "2009",
journal = "Signal Processing Letters",
}

@article{Lee2008,
title = "Enhanced autofocus algorithm using robust focus measure and fuzzy reasoning",
author = "Lee, {Sang Yong} and Yogendera Kumar and Cho, {Ji Man} and Lee, {Sang Won} and Soo-Won Kim",
year = "2008",
journal = "Transactions on Circuits and Systems for Video Technology",
}

@article{Yang2003,
author={Ge Yang and B. J. {Nelson}},
journal={IROS},
title={Wavelet-based autofocusing and unsupervised segmentation of microscopic images},
year={2003},
}

@article{Xie2006,
author = {Xie, Hui and Rong, Weibin and Sun, Lining},
year = {2006},
title = {Wavelet-Based Focus Measure and 3-D Surface Reconstruction Method for Microscopy Images},
journal={IROS},
}

@article{Helmli2001,
author = {Helmli, Franz and Scherer, Stefan},
year = {2001},
title = {Adaptive shape from focus with an error estimation in light microscopy},
journal = {International Symposium on Image and Signal Processing and Analysis},
}

@article{Wee2007,
 author = {Wee, Chong-Yaw and Paramesran, Raveendran},
 title = {Measure of Image Sharpness Using Eigenvalues},
 journal = {Information Sciences},
 year = {2007},
} 

@article{zabih1994,
  title={Non-parametric local transforms for computing visual correspondence},
  author={Zabih, Ramin and Woodfill, John},
  journal={ECCV},
  year={1994},
}

@article{stein2004efficient,
  title={Efficient computation of optical flow using the census transform},
  author={Stein, Fridtjof},
  journal={Pattern Recognition},
  year={2004},
}

@article{Barnea1972ACO,
  title={A Class of Algorithms for Fast Digital Image Registration},
  author={Daniel I. Barnea and Harvey F. Silverman},
  journal={Transactions on Computers},
  year={1972},
}

@phdthesis{Hannah1974,
 author = {Hannah, Marsha Jo},
 title = {Computer Matching of Areas in Stereo Images.},
 year = {1974},
 publisher = {Stanford University},
} 


@article{birchfield1998,
  title={A pixel dissimilarity measure that is insensitive to image sampling},
  author={Birchfield, Stan and Tomasi, Carlo},
  journal={TPAMI},
  year={1998},
}

@phdthesis{Tenenbaum1971,
 author = {Tenenbaum, Jay Martin},
 title = {Accommodation in Computer Vision},
 year = {1971},
 school = {Stanford University},
} 

@article{horn1968focusing,
  title={Focusing},
  author={Horn, Berthold K.P.},
  year={1968}
}

@article{krotkov1988,
  title={Focusing},
  author={Krotkov, Eric},
  journal={IJCV},
  year={1988},
}

@article{Subbarao1993,
author = {Murali Subbarao and Tae-Sun Choi and Arman Nikzad},
title = {Focusing techniques},
journal = {Optical Engineering},
year = {1993},
}

@article{santos1997,
  title={Evaluation of autofocus functions in molecular cytogenetic analysis},
  author={Andr{\'e}s Benavides Santos and Carlos Ortiz de Solorzano and Juan J. Vaquero and Javier M{\'a}rquez Pe{\~n}a and Norberto Malpica and Francisco del Pozo},
  journal={Journal of microscopy},
  year={1997},
}


@article{cohen1992biorthogonal,
  title={Biorthogonal bases of compactly supported wavelets},
  author={Cohen, Albert and Daubechies, Ingrid and Feauveau, J-C},
  journal={Communications on pure and applied mathematics},
  year={1992},
}

@Article{Schechner2000,
author="Schechner, Yoav Y. and Kiryati, Nahum",
title="Depth from Defocus vs. Stereo: How Different Really Are They?",
journal="IJCV",
year="2000",
}

@article{liba2019handheld,
    title={Handheld Mobile Photography in Very Low Light},
    author={Orly Liba and Kiran Murthy and Yun-Ta Tsai and Tim Brooks and Tianfan Xue and Nikhil Karnad and Qiurui He and Jonathan T. Barron and Dillon Sharlet and Ryan Geiss and Samuel W. Hasinoff and Yael Pritch and Marc Levoy},
    year={2019},
    journal={SIGGRAPH Asia},
}

@article{AdamICLR2015,
author = {Kingma, Diederick P and Ba, Jimmy},
title = {Adam: A method for stochastic optimization},
journal = {ICLR},
year = {2015}
}


@article{Hasinoff2016,
author = {Samuel W. Hasinoff and Dillon Sharlet and Ryan Geiss and Andrew Adams and Jonathan T. Barron and Florian Kainz and Jiawen Chen and Marc Levoy},
title = {Burst Photography for High Dynamic Range and Low-Light Imaging on Mobile Cameras},
journal = {SIGGRAPH Asia},
year = {2016},
}

@article{chen2015improving,
  title={Improving the accuracy and low-light performance of contrast-based autofocus using supervised machine learning},
  author={Chen, Rudi and van Beek, Peter},
  journal={Pattern Recognition Letters},
  year={2015},
}

@article{yuille1986scaling,
  title={Scaling theorems for zero crossings},
  author={Yuille, Alan L and Poggio, Tomaso A},
  journal={TPAMI},
  year={1986},
}

@article{lindeberg1990scale,
  title={Scale-space for discrete signals},
  author={Lindeberg, Tony},
  journal={TPAMI},
  year={1990},
}

@article{mir2015autofocus,
  title={An autofocus heuristic for digital cameras based on supervised machine learning},
  author={Mir, Hashim and Xu, Peter and Chen, Rudi and van Beek, Peter},
  journal={Journal of Heuristics},
  year={2015},
}

@article{carvalho2018deep,
  title={Deep Depth from Defocus: how can defocus blur improve 3D estimation using dense neural networks?},
  author={Carvalho, Marcela and Le Saux, Bertrand and Trouv{\'e}-Peloux, Pauline and Almansa, Andr{\'e}s and Champagnat, Fr{\'e}d{\'e}ric},
  journal={ECCV},
  year={2018}
}

@article{Darrell88,
author={Trevor Darrell and Kwangyoen Wohn},
journal={CVPR},
title={Pyramid based depth from focus},
year={1988},
}

@article{scharstein2002taxonomy,
  title={A Taxonomy and Evaluation of Dense Two-Frame Stereo Correspondence Algorithms},
  author={Scharstein, Daniel and Szeliski, Richard},
  journal={IJCV},
  year={2002},
}

@techreport{Ng2005,
  title={Light Field Photography with a Hand-Held Plenoptic Camera},
  author={Ren Ng and Marc Levoy and Mathieu Br{\'e}dif and Gene Duval and Mark Eden Horowitz and Pat Hanrahan},
  institution = {Stanford University},
  year={2005}
}

@article{eigen2014depth,
  title={Depth map prediction from a single image using a multi-scale deep network},
  author={Eigen, David and Puhrsch, Christian and Fergus, Rob},
  journal={NIPS},
  year={2014}
}

@article{saxena2008make3d,
  title={Make3d: Learning 3d scene structure from a single still image},
  author={Saxena, Ashutosh and Sun, Min and Ng, Andrew Y},
  journal={TPAMI},
  year={2008},
}

@article{Chan:ICIP17,
author={C. {Chan} and S. {Huang} and H. H. {Chen}},
journal={ICIP},
title={Enhancement of phase detection for autofocus},
year={2017},
volume={},
number={},
pages={41-45},
keywords={computer vision;focusing;image denoising;image enhancement;image restoration;phase detection autofocus;PDAF;focal plane;lens movement;blur;shift estimation;image noise;traditional phase correlation;Lenses;Correlation;Sensors;Phase detection;Search problems;Image sensors;Measurement;Autofocus;phase detection autofocus;phase correlation},
doi={10.1109/ICIP.2017.8296239},
ISSN={},
month={Sep.},}

@article{Yang:TIP18,
author={C. {Yang} and S. {Huang} and K. {Shih} and H. H. {Chen}},
journal={IEEE Transactions on Image Processing},
title={Analysis of Disparity Error for Stereo Autofocus},
year={2018},
}

@article{Yang:ICIP16,
author={C. {Yang} and H. H. {Chen}},
journal={ICIP},
title={Gaussian noise approximation for disparity-based autofocus},
year={2016},
volume={},
number={},
keywords={approximation theory;error analysis;estimation theory;Gaussian processes;image matching;stereo image processing;photon shot noise approximation;Gaussian model;disparity-based autofocus;disparity estimation;disparity error analysis;defocus blur;image noise;stereo matching;Estimation;Cost function;Gaussian noise;Photonics;Kernel;Analytical models;Mathematical model;Stereo matching;autofocus;error modeling;defocus blur},
doi={10.1109/ICIP.2016.7532506},
ISSN={},
month={Sep.},}

@InProceedings{Tang_2017_CVPR,
author = {Tang, Huixuan and Cohen, Scott and Price, Brian and Schiller, Stephen and Kutulakos, Kiriakos N.},
title = {Depth From Defocus in the Wild},
booktitle = {The IEEE Conference on Computer Vision and Pattern Recognition (CVPR)},
month = {July},
year = {2017}
}

@article{kehtarnavaz2003development,
  title={Development and real-time implementation of a rule-based auto-focus algorithm},
  author={Kehtarnavaz, Nasser and Oh, H-J},
  journal={Real-Time Imaging},
  volume={9},
  number={3},
  pages={197--203},
  year={2003},
  publisher={Elsevier}
}

@article{he2003modified,
  title={Modified fast climbing search auto-focus algorithm with adaptive step size searching technique for digital camera},
  author={He, Jie and Zhou, Rongzhen and Hong, Zhiliang},
  journal={IEEE transactions on Consumer Electronics},
  volume={49},
  number={2},
  pages={257--262},
  year={2003},
  publisher={IEEE}
}

@article{guo2018fast,
  title={Fast auto-focusing search algorithm for a high-speed and high-resolution camera based on the image histogram feature function},
  author={Guo, Chenzi and Ma, Zelong and Guo, Xu and Li, Wenxian and Qi, Xinda and Zhao, Qinglei},
  journal={Applied Optics},
  volume={57},
  number={34},
  pages={F44--F49},
  year={2018},
  publisher={Optical Society of America}
}

@article{gamadia2012filter,
  title={A filter-switching auto-focus framework for consumer camera imaging systems},
  author={Gamadia, Mark and Kehtarnavaz, Nasser},
  journal={IEEE Transactions on Consumer Electronics},
  volume={58},
  number={2},
  year={2012},
  publisher={IEEE}
}

@article{yousefi2011new,
  title={A new auto-focus sharpness function for digital and smart-phone cameras},
  author={Yousefi, Siamak and Rahman, M and Kehtarnavaz, Nasser},
  journal={IEEE Transactions on Consumer Electronics},
  volume={57},
  number={3},
  year={2011},
  publisher={IEEE}
}

@inproceedings{gamadia2010performance,
  title={Performance metrics for auto-focus in digital and cell-phone cameras},
  author={Gamadia, Mark and Kehtarnavaz, Nasser},
  booktitle={Consumer Electronics (ICCE), 2010 Digest of Technical Papers International Conference on},
  pages={69--70},
  year={2010},
  organization={IEEE}
}

@article{chen2010passive,
  title={A passive auto-focus camera control system},
  author={Chen, Chih-Yung and Hwang, Rey-Chue and Chen, Yu-Ju},
  journal={Applied Soft Computing},
  volume={10},
  number={1},
  pages={296--303},
  year={2010},
  publisher={Elsevier}
}

@article{han2011novel,
  title={A novel training based auto-focus for mobile-phone cameras},
  author={Han, Jong-Woo and Kim, Jun-Hyung and Lee, Hyo-Tae and Ko, Sung-Jea},
  journal={IEEE Transactions on Consumer Electronics},
  volume={57},
  number={1},
  year={2011},
  publisher={IEEE}
}

@article{jiang2018transform,
  title={Transform-and multi-domain deep learning for single-frame rapid autofocusing in whole slide imaging},
  author={Jiang, Shaowei and Liao, Jun and Bian, Zichao and Guo, Kaikai and Zhang, Yongbing and Zheng, Guoan},
  journal={Biomedical optics express},
  volume={9},
  number={4},
  pages={1601--1612},
  year={2018},
  publisher={Optical Society of America}
}

@article{wei2018neural,
  title={Neural network control of focal position during time-lapse microscopy of cells},
  author={Wei, Ling and Roberts, Elijah},
  journal={Scientific reports},
  volume={8},
  number={1},
  pages={7313},
  year={2018},
  publisher={Nature Publishing Group}
}

@inproceedings{guojin2010image,
  title={The image auto-focusing method based on artificial neural networks},
  author={Guojin, Chen and Yongning, Li and Miaofen, Zhu and Wanqiang, Wang},
  booktitle={Computational Intelligence for Measurement Systems and Applications (CIMSA), 2010 IEEE International Conference on},
  pages={138--141},
  year={2010},
  organization={IEEE}
}

@article{rahman2008real,
  title={Real-time face-priority auto focus for digital and cell-phone cameras},
  author={Rahman, Mohammad T and Kehtarnavaz, Nasser},
  journal={IEEE Transactions on Consumer Electronics},
  volume={54},
  number={4},
  year={2008},
  publisher={IEEE}
}

@article{lee2008enhanced,
  title={Enhanced autofocus algorithm using robust focus measure and fuzzy reasoning},
  author={Lee, Sang-Yong and Kumar, Yogendera and Cho, Ji-Man and Lee, Sang-Won and Kim, Soo-Won},
  journal={IEEE Transactions on Circuits and Systems for Video Technology},
  volume={18},
  number={9},
  pages={1237--1246},
  year={2008},
  publisher={IEEE}
}




@techreport{nayar1989shape,
  title={Shape from focus.},
  author={Nayar, Shree K},
  year={1989},
  institution={CARNEGIE-MELLON UNIV PITTSBURGH PA ROBOTICS INST}
}

@article{santos1997evaluation,
  title={Evaluation of autofocus functions in molecular cytogenetic analysis},
  author={Santos, Andr{\'e}s and Ortiz de Sol{\'o}rzano, C and Vaquero, Juan Jos{\'e} and Pena, JM and Malpica, Norberto and Del Pozo, F},
  journal={Journal of microscopy},
  volume={188},
  number={3},
  pages={264--272},
  year={1997},
  publisher={Wiley Online Library}
}

@article{wang2018fast,
  title={Fast auto-focus scheme based on optical defocus fitting model},
  author={Wang, Yeru and Feng, Huajun and Xu, Zhihai and Li, Qi and Chen, Yueting and Cen, Min},
  journal={Journal of Modern Optics},
  volume={65},
  number={7},
  pages={858--868},
  year={2018},
  publisher={Taylor \& Francis}
}

@article{wu2012bilateral,
  title={Bilateral prediction and intersection calculation autofocus method for automated microscopy},
  author={Wu, ZM and Wang, DH and Zhou, F},
  journal={Journal of microscopy},
  volume={248},
  number={3},
  pages={271--280},
  year={2012},
  publisher={Wiley Online Library}
}


@article{yazdanfar2008simple,
  title={Simple and robust image-based autofocusing for digital microscopy},
  author={Yazdanfar, Siavash and Kenny, Kevin B and Tasimi, Krenar and Corwin, Alex D and Dixon, Elizabeth L and Filkins, Robert J},
  journal={Optics express},
  volume={16},
  number={12},
  pages={8670--8677},
  year={2008},
  publisher={Optical Society of America}
}

@article{ren2018learning,
  title={Learning-based nonparametric autofocusing for digital holography},
  author={Ren, Zhenbo and Xu, Zhimin and Lam, Edmund Y},
  journal={Optica},
  volume={5},
  number={4},
  pages={337--344},
  year={2018},
  publisher={Optical Society of America}
}

@inproceedings{krizhevsky2012imagenet,
  title={Imagenet classification with deep convolutional neural networks},
  author={Krizhevsky, Alex and Sutskever, Ilya and Hinton, Geoffrey E},
  booktitle={Advances in neural information processing systems},
  pages={1097--1105},
  year={2012}
}

@inproceedings{zhou2014learning,
  title={Learning deep features for scene recognition using places database},
  author={Zhou, Bolei and Lapedriza, Agata and Xiao, Jianxiong and Torralba, Antonio and Oliva, Aude},
  booktitle={Advances in neural information processing systems},
  pages={487--495},
  year={2014}
}

@InProceedings{Kang_2014_CVPR,
author = {Kang, Le and Ye, Peng and Li, Yi and Doermann, David},
title = {Convolutional Neural Networks for No-Reference Image Quality Assessment},
booktitle = {The IEEE Conference on Computer Vision and Pattern Recognition (CVPR)},
month = {June},
year = {2014}
}

@article{li2018contrast,
  title={Contrast-Oriented Deep Neural Networks for Salient Object Detection},
  author={Li, Guanbin and Yu, Yizhou},
  journal={IEEE Transactions on Neural Networks and Learning Systems},
  year={2018},
  publisher={IEEE}
}

@InProceedings{Agustsson_2017_CVPR_Workshops,
	author = {Agustsson, Eirikur and Timofte, Radu},
	title = {NTIRE 2017 Challenge on Single Image Super-Resolution: Dataset and Study},
	booktitle = {The IEEE Conference on Computer Vision and Pattern Recognition (CVPR) Workshops},
	month = {July},
	year = {2017}
} 

@article{ChengPAMI,
  author = {Ming-Ming Cheng and Niloy J. Mitra and Xiaolei Huang and Philip H. S. Torr and Shi-Min Hu},
  title = {Global Contrast based Salient Region Detection},
  year  = {2015},
  journal= {IEEE TPAMI},
  volume={37}, 
  number={3}, 
  pages={569--582}, 
  doi = {10.1109/TPAMI.2014.2345401},
}

@Article{WangDRFI2017,
    author="Wang, Jingdong and Jiang, Huaizu and Yuan, Zejian and Cheng, Ming-Ming and Hu, Xiaowei and Zheng, Nanning",
    title="Salient Object Detection: A Discriminative Regional Feature Integration Approach",
    journal="International Journal of Computer Vision",
    year="2017",
    volume="123",
    number="2",
    pages="251--268",
    issn="1573-1405",
    doi="10.1007/s11263-016-0977-3"
}

@inproceedings{li2014secrets,
  title={The secrets of salient object segmentation},
  author={Li, Yin and Hou, Xiaodi and Koch, Christof and Rehg, James M and Yuille, Alan L},
  booktitle={Proceedings of the IEEE Conference on Computer Vision and Pattern Recognition},
  pages={280--287},
  year={2014}
}

@misc{tensorflow2015-whitepaper,
title={ {TensorFlow}: Large-Scale Machine Learning on Heterogeneous Systems},
url={https://www.tensorflow.org/},
note={Software available from tensorflow.org},
author={
    Mart\'{\i}n~Abadi and
    Ashish~Agarwal and
    Paul~Barham and
    Eugene~Brevdo and
    Zhifeng~Chen and
    Craig~Citro and
    Greg~S.~Corrado and
    Andy~Davis and
    Jeffrey~Dean and
    Matthieu~Devin and
    Sanjay~Ghemawat and
    Ian~Goodfellow and
    Andrew~Harp and
    Geoffrey~Irving and
    Michael~Isard and
    Yangqing Jia and
    Rafal~Jozefowicz and
    Lukasz~Kaiser and
    Manjunath~Kudlur and
    Josh~Levenberg and
    Dandelion~Man\'{e} and
    Rajat~Monga and
    Sherry~Moore and
    Derek~Murray and
    Chris~Olah and
    Mike~Schuster and
    Jonathon~Shlens and
    Benoit~Steiner and
    Ilya~Sutskever and
    Kunal~Talwar and
    Paul~Tucker and
    Vincent~Vanhoucke and
    Vijay~Vasudevan and
    Fernanda~Vi\'{e}gas and
    Oriol~Vinyals and
    Pete~Warden and
    Martin~Wattenberg and
    Martin~Wicke and
    Yuan~Yu and
    Xiaoqiang~Zheng},
  year={2015},
}

@article{kingma2014adam,
  title={Adam: A method for stochastic optimization},
  author={Kingma, Diederik P and Ba, Jimmy},
  journal={arXiv preprint arXiv:1412.6980},
  year={2014}
}

@article{krotkov1988focusing,
  title={Focusing},
  author={Krotkov, Eric},
  journal={International Journal of Computer Vision},
  volume={1},
  number={3},
  pages={223--237},
  year={1988},
  publisher={Springer}
}

@misc{clic, 
  title={Workshop and Challenge on Learned Image Compression (CLIC)}, 
  url={http://www.compression.cc/}, 
  year={2018},
  journal={Workshop and Challenge on Learned Image Compression (CLIC)}
}

@article{baltag2015history,
  title={History of Automatic Focusing Reflected by Patents},
  author={Baltag, Octavian},
  journal={Science},
  volume={3},
  number={1},
  pages={1--17},
  year={2015}
}

@article{sliwinski2013simple,
  title={A simple model for on-sensor phase-detection autofocusing algorithm},
  author={{\'S}liwi{\'n}ski, Przemys{\l}aw and Wachel, Pawe{\l}},
  journal={Journal of Computer and Communications},
  volume={1},
  number={06},
  pages={11},
  year={2013},
  publisher={Scientific Research Publishing}
}

@article{parallelCam,
   author = {Brady, David J and Pang, Wubin and Li, Han and Ma, Zhan and Tao, Yue and Cao, Xun},
   title = {Parallel cameras},
   journal = {Optica},
   volume = {5},
   number = {2},
   pages = {127-137},
   ISSN = {2334-2536},
   year = {2018},
   type = {Journal Article}
}

@inproceedings{park2008fast,
  title={Fast and accurate auto focusing algorithm based on two defocused images using discrete cosine transform},
  author={Park, Byung-Kwan and Kim, Sung-Su and Chung, Dae-Su and Lee, Seong-Deok and Kim, Chang-Yeong},
  booktitle={Digital Photography IV},
  volume={6817},
  pages={68170D},
  year={2008},
  organization={International Society for Optics and Photonics}
}

@inproceedings{hovela1992learning,
  title={Learning how to focus: adaptive control of an autofocus camera},
  author={Hovela, Lee F},
  booktitle={High-Resolution Sensors and Hybrid Systems},
  volume={1656},
  pages={383--394},
  year={1992},
  organization={International Society for Optics and Photonics}
}

@inproceedings{kofoed2015dynamic,
  title={Dynamic focus control for preventing motion blur},
  author={Kofoed, Bart and Janssen, Eric and de With, Peter HN},
  booktitle={2015 12th IEEE International Conference on Advanced Video and Signal Based Surveillance (AVSS)},
  pages={1--6},
  year={2015},
  organization={IEEE}
}

@inproceedings{hasinoff2009time,
  title={Time-constrained photography},
  author={Hasinoff, Samuel W and Kutulakos, Kiriakos N and Durand, Fr{\'e}do and Freeman, William T},
  booktitle={2009 IEEE 12th International Conference on Computer Vision},
  pages={333--340},
  year={2009},
  organization={IEEE}
}

@inproceedings{li2018scene,
  title={Scene-Adaptive Image Acquisition for Focus Stacking},
  author={Li, Wentao and Wang, Guijin and Hu, Xiaowei and Yang, Huazhong},
  booktitle={2018 25th IEEE International Conference on Image Processing (ICIP)},
  pages={1887--1891},
  year={2018},
  organization={IEEE}
}

@inproceedings{vaquero2011generalized,
  title={Generalized autofocus},
  author={Vaquero, Daniel and Gelfand, Natasha and Tico, Marius and Pulli, Kari and Turk, Matthew},
  booktitle={2011 IEEE Workshop on applications of computer vision (WACV)},
  pages={511--518},
  year={2011},
  organization={IEEE}
}
@inproceedings{choi2017improved,
  title={Improved image selection for focus stacking in digital photography},
  author={Choi, David and Pazylbekova, Aliya and Zhou, Wuhan and van Beek, Peter},
  booktitle={2017 IEEE International Conference on Image Processing (ICIP)},
  pages={2761--2765},
  year={2017},
  organization={IEEE}
}

@article{liu2017multi,
  title={Multi-focus image fusion with a deep convolutional neural network},
  author={Liu, Yu and Chen, Xun and Peng, Hu and Wang, Zengfu},
  journal={Information Fusion},
  volume={36},
  pages={191--207},
  year={2017},
  publisher={Elsevier}
}

@article{li2008multifocus,
  title={Multifocus image fusion using region segmentation and spatial frequency},
  author={Li, Shutao and Yang, Bin},
  journal={Image and vision computing},
  volume={26},
  number={7},
  pages={971--979},
  year={2008},
  publisher={Elsevier}
}

@article{du2017image,
  title={Image segmentation-based multi-focus image fusion through multi-scale convolutional neural network},
  author={Du, Chaoben and Gao, Shesheng},
  journal={IEEE access},
  volume={5},
  pages={15750--15761},
  year={2017},
  publisher={IEEE}
}

@article{tang2018pixel,
  title={Pixel convolutional neural network for multi-focus image fusion},
  author={Tang, Han and Xiao, Bin and Li, Weisheng and Wang, Guoyin},
  journal={Information Sciences},
  volume={433},
  pages={125--141},
  year={2018},
  publisher={Elsevier}
}

@article{guo2018fully,
  title={Fully convolutional network-based multifocus image fusion},
  author={Guo, Xiaopeng and Nie, Rencan and Cao, Jinde and Zhou, Dongming and Qian, Wenhua},
  journal={Neural computation},
  volume={30},
  number={7},
  pages={1775--1800},
  year={2018},
  publisher={MIT Press}
}

@inproceedings{jacobs2014dynamic,
  title={Dynamic Image Stacks},
  author={Jacobs, David E and Gallo, Orazio and Pulli, Kari A},
  booktitle={Proceedings of the IEEE Conference on Computer Vision and Pattern Recognition Workshops},
  pages={144--151},
  year={2014}
}

@InProceedings{bay2006surf,
author="Bay, Herbert
and Tuytelaars, Tinne
and Van Gool, Luc",
editor="Leonardis, Ale{\v{s}}
and Bischof, Horst
and Pinz, Axel",
title="SURF: Speeded Up Robust Features",
booktitle="Computer Vision -- ECCV 2006",
year="2006",
publisher="Springer Berlin Heidelberg",
address="Berlin, Heidelberg",
pages="404--417",
isbn="978-3-540-33833-8"
}

@article{QIU201935,
  title={Guided filter-based multi-focus image fusion through focus region detection},
  author={Qiu, Xiaohua and Li,  Min and Zhang, Liqiong and Yuan, Xianjie },
  journal={Signal Processing: Image Communication},
  year={2019},
  publisher={Elsevier}
}

@inproceedings{zheng2018crossnet,
  title={Crossnet: An end-to-end reference-based super resolution network using cross-scale warping},
  author={Zheng, Haitian and Ji, Mengqi and Wang, Haoqian and Liu, Yebin and Fang, Lu},
  booktitle={Proceedings of the European Conference on Computer Vision (ECCV)},
  pages={88--104},
  year={2018}
}

@inproceedings{zhang2019image,
  title={Image Super-Resolution by Neural Texture Transfer},
  author={Zhang, Zhifei and Wang, Zhaowen and Lin, Zhe and Qi, Hairong},
  booktitle={Proceedings of the IEEE Conference on Computer Vision and Pattern Recognition},
  pages={7982--7991},
  year={2019}
}

@article{cheng2019dual,
  title={A Dual Camera System for High Spatiotemporal Resolution Video Acquisition},
  author={Cheng, Ming and Ma, Zhan and Asif, M Salman and Xu, Yiling and Liu, Haojie and Bao, Wenbo and Sun, Jun},
  journal={arXiv preprint arXiv:1909.13051},
  year={2019}
}

@inproceedings{sajjadi2018frame,
  title={Frame-recurrent video super-resolution},
  author={Sajjadi, Mehdi SM and Vemulapalli, Raviteja and Brown, Matthew},
  booktitle={Proceedings of the IEEE Conference on Computer Vision and Pattern Recognition},
  pages={6626--6634},
  year={2018}
}

@inproceedings{Perazzi2016,
  author = {F. Perazzi and J. Pont-Tuset and B. McWilliams and L. {Van Gool} and M. Gross and A. Sorkine-Hornung},
  title = {A Benchmark Dataset and Evaluation Methodology for Video Object Segmentation},
  booktitle = {Computer Vision and Pattern Recognition},
  year = {2016}
}

@inproceedings{li2019learning,
  title={Learning the Depths of Moving People by Watching Frozen People},
  author={Li, Zhengqi and Dekel, Tali and Cole, Forrester and Tucker, Richard and Snavely, Noah and Liu, Ce and Freeman, William T},
  booktitle={Proceedings of the IEEE Conference on Computer Vision and Pattern Recognition},
  pages={4521--4530},
  year={2019}
}

@article{kuthirummal2010flexible,
  title={Flexible depth of field photography},
  author={Kuthirummal, Sujit and Nagahara, Hajime and Zhou, Changyin and Nayar, Shree K},
  journal={IEEE Transactions on Pattern Analysis and Machine Intelligence},
  volume={33},
  number={1},
  pages={58--71},
  year={2010},
  publisher={IEEE}
}

@article{araujo2022focus,
  title={Towards Real-World Focus Stacking with Deep Learning},
  author={Araujo, Alexandre and Ponce, Jean and Mairal, Julien},
  journal={arXiv preprint arXiv:2311.17846},
  year={2022}
}
